<record><leader>00000cas a22000007a 4500</leader><controlfield tag="001">14688866</controlfield><controlfield tag="008">861107d18771898pauwr ne      0    0eng d</controlfield><datafield ind1=" " ind2=" " tag="010"><subfield code="a">sn 86099916 </subfield></datafield><datafield ind1=" " ind2=" " tag="040"><subfield code="a">NPH</subfield><subfield code="b">eng</subfield><subfield code="c">NPH</subfield><subfield code="d">DLC</subfield><subfield code="d">NPH</subfield><subfield code="d">UNP</subfield><subfield code="d">NPH</subfield><subfield code="d">MGN</subfield><subfield code="d">OCLCQ</subfield><subfield code="d">UBY</subfield><subfield code="d">OCLCQ</subfield><subfield code="d">OCLCF</subfield><subfield code="d">OCLCO</subfield></datafield><datafield ind1=" " ind2=" " tag="042"><subfield code="a">msc</subfield></datafield><datafield ind1=" " ind2=" " tag="043"><subfield code="a">n-us-pa</subfield></datafield><datafield ind1="0" ind2="0" tag="245"><subfield code="a">Dollar weekly news-dealer.</subfield></datafield><datafield ind1="1" ind2="3" tag="246"><subfield code="a">News-dealer</subfield></datafield><datafield ind1=" " ind2=" " tag="260"><subfield code="a">Wilkes-Barre, Pa. :</subfield><subfield code="b">J.C. Coon &amp; Co.,</subfield><subfield code="c">-1898.</subfield></datafield><datafield ind1=" " ind2=" " tag="300"><subfield code="a">v. :</subfield><subfield code="b">ill. ;</subfield><subfield code="c">51 cm.</subfield></datafield><datafield ind1=" " ind2=" " tag="310"><subfield code="a">Weekly</subfield></datafield><datafield ind1="1" ind2=" " tag="362"><subfield code="a">Began in 1877?</subfield></datafield><datafield ind1="0" ind2=" " tag="362"><subfield code="a">-v. 25, no. 49 (Dec. 31, 1898).</subfield></datafield><datafield ind1=" " ind2=" " tag="500"><subfield code="a">Published every Friday.</subfield></datafield><datafield ind1=" " ind2=" " tag="588"><subfield code="a">Description based on: Vol. 6, no. 9 (Aug. 4, 1883).</subfield></datafield><datafield ind1=" " ind2="0" tag="651"><subfield code="a">Wilkes-Barre (Pa.)</subfield><subfield code="v">Newspapers.</subfield></datafield><datafield ind1=" " ind2="7" tag="655"><subfield code="a">Newspapers.</subfield><subfield code="2">fast</subfield><subfield code="0">(OCoLC)fst01423814</subfield></datafield><datafield ind1=" " ind2="7" tag="651"><subfield code="a">Pennsylvania</subfield><subfield code="z">Wilkes-Barre.</subfield><subfield code="2">fast</subfield><subfield code="0">(OCoLC)fst01205407</subfield></datafield><datafield ind1=" " ind2=" " tag="752"><subfield code="a">United States</subfield><subfield code="b">Pennsylvania</subfield><subfield code="c">Luzerne</subfield><subfield code="d">Wilkes-Barre.</subfield></datafield><datafield ind1="0" ind2=" " tag="775"><subfield code="t">Daily news-dealer (Wilkes-Barre, Pa. : 1884)</subfield><subfield code="w">(DLC)sn 87078065</subfield></datafield><datafield ind1="0" ind2=" " tag="775"><subfield code="t">Wilkes-Barre daily news-dealer (Wilkes-Barre, Pa. : 1886)</subfield><subfield code="w">(DLC)sn 86091505</subfield></datafield><datafield ind1="0" ind2=" " tag="775"><subfield code="t">Wilkes-Barre news-dealer</subfield><subfield code="w">(DLC)sn 87078066</subfield></datafield><datafield ind1="0" ind2=" " tag="775"><subfield code="t">Daily news-dealer (Wilkes-Barre, Pa. : 1889)</subfield><subfield code="w">(DLC)sn 87078067</subfield><subfield code="w">(OCoLC)14209736</subfield></datafield><datafield ind1="0" ind2=" " tag="775"><subfield code="t">Wilkes-Barre daily news-dealer (Wilkes-Barre, Pa. : 1894)</subfield><subfield code="w">(DLC)sn 86081940</subfield></datafield><datafield ind1="0" ind2=" " tag="775"><subfield code="t">News dealer</subfield><subfield code="w">(DLC)sn 86081941</subfield></datafield><datafield ind1="0" ind2=" " tag="775"><subfield code="t">Daily news-dealer (Wilkes-Barre, Pa. : 1898)</subfield><subfield code="w">(DLC)sn 86081942</subfield></datafield><datafield ind1="0" ind2=" " tag="775"><subfield code="t">Sunday news-dealer (Wilkes-Barre, Pa. : 1884)</subfield><subfield code="w">(DLC)sn 87078064</subfield><subfield code="w">(OCoLC)14208851</subfield></datafield><datafield ind1="0" ind2=" " tag="775"><subfield code="t">Sunday news dealer (Wilkes-Barre, Pa. : 1878)</subfield><subfield code="w">(DLC)sn 87080430</subfield></datafield><datafield ind1="0" ind2=" " tag="775"><subfield code="t">Sunday morning free press and news-dealer</subfield><subfield code="w">(DLC)sn 87080431</subfield></datafield><datafield ind1="0" ind2=" " tag="775"><subfield code="t">Wilkes-Barre daily news-dealer (Wilkes-Barre, Pa. : 1898)</subfield><subfield code="w">(DLC)sn 86081943</subfield></datafield><datafield ind1="0" ind2=" " tag="775"><subfield code="t">Wilkes-Barre daily news</subfield><subfield code="w">(DLC)sn 85054421</subfield></datafield><datafield ind1="0" ind2="0" tag="785"><subfield code="t">Dollar weekly news</subfield><subfield code="w">(DLC)sn 86081964</subfield></datafield></record>